<record><leader>00000cas a22000007a 4500</leader><controlfield tag="001">11057719</controlfield><controlfield tag="008">840815d18671900mtuwr ne      0   a0eng d</controlfield><datafield ind1=" " ind2=" " tag="010"><subfield code="a">sn 84036143 </subfield></datafield><datafield ind1=" " ind2=" " tag="040"><subfield code="a">MTL</subfield><subfield code="b">eng</subfield><subfield code="c">MTL</subfield><subfield code="d">NPX</subfield><subfield code="d">DLC</subfield><subfield code="d">ANU</subfield><subfield code="d">MGN</subfield><subfield code="d">CNK</subfield><subfield code="d">DLC</subfield><subfield code="d">OCLCQ</subfield><subfield code="d">OCLCF</subfield><subfield code="d">OCLCO</subfield><subfield code="d">CUS</subfield><subfield code="d">DLC</subfield></datafield><datafield ind1="0" ind2=" " tag="022"><subfield code="a">2470-3540</subfield><subfield code="2">1</subfield></datafield><datafield ind1=" " ind2=" " tag="042"><subfield code="a">msc</subfield><subfield code="a">nsdp</subfield></datafield><datafield ind1=" " ind2=" " tag="043"><subfield code="a">n-us-mt</subfield></datafield><datafield ind1="0" ind2="0" tag="050"><subfield code="a">Newspaper</subfield></datafield><datafield ind1="1" ind2="4" tag="050"><subfield code="a">AN</subfield></datafield><datafield ind1="1" ind2="0" tag="082"><subfield code="a">071</subfield><subfield code="2">23</subfield></datafield><datafield ind1=" " ind2="0" tag="222"><subfield code="a">Helena weekly herald</subfield><subfield code="b">(Print)</subfield></datafield><datafield ind1="0" ind2="0" tag="245"><subfield code="a">Helena weekly herald.</subfield></datafield><datafield ind1=" " ind2=" " tag="260"><subfield code="a">Helena, Mont. :</subfield><subfield code="b">Herald Print. Co.,</subfield><subfield code="c">1867-1900.</subfield></datafield><datafield ind1=" " ind2=" " tag="300"><subfield code="a">34 volumes :</subfield><subfield code="b">illustrations ;</subfield><subfield code="c">58 cm.</subfield></datafield><datafield ind1=" " ind2=" " tag="310"><subfield code="a">Weekly</subfield></datafield><datafield ind1=" " ind2=" " tag="336"><subfield code="a">text</subfield><subfield code="b">txt</subfield><subfield code="2">rdacontent</subfield></datafield><datafield ind1=" " ind2=" " tag="337"><subfield code="a">unmediated</subfield><subfield code="b">n</subfield><subfield code="2">rdamedia</subfield></datafield><datafield ind1=" " ind2=" " tag="338"><subfield code="a">volume</subfield><subfield code="b">nc</subfield><subfield code="2">rdacarrier</subfield></datafield><datafield ind1="0" ind2=" " tag="362"><subfield code="a">Vol. 1, no. 42 (Sept. 5, 1867)-v. 34, no. 28 (June 28, 1900).</subfield></datafield><datafield ind1=" " ind2=" " tag="500"><subfield code="a">Publishers: Herald Print. Co., Sept.-Oct. 1867; Fisk &amp; Stuart, 1867-&lt;1869&gt;; Fisk Bros., &lt;1872&gt;-1893; Herald Pub. Co. [Fisk Bros.], 1893-1900.</subfield></datafield><datafield ind1=" " ind2=" " tag="500"><subfield code="a">Republican.</subfield></datafield><datafield ind1=" " ind2=" " tag="530"><subfield code="a">Archived issues are available in digital format from the Library of Congress Chronicling America online collection.</subfield></datafield><datafield ind1=" " ind2="0" tag="651"><subfield code="a">Helena (Mont.)</subfield><subfield code="v">Newspapers.</subfield></datafield><datafield ind1=" " ind2="7" tag="651"><subfield code="a">Montana</subfield><subfield code="z">Helena.</subfield><subfield code="2">fast</subfield><subfield code="0">(OCoLC)fst01207480</subfield></datafield><datafield ind1=" " ind2="7" tag="655"><subfield code="a">Newspapers.</subfield><subfield code="2">fast</subfield><subfield code="0">(OCoLC)fst01423814</subfield></datafield><datafield ind1=" " ind2=" " tag="752"><subfield code="a">United States</subfield><subfield code="b">Montana</subfield><subfield code="c">Lewis and Clark</subfield><subfield code="d">Helena.</subfield></datafield><datafield ind1="0" ind2=" " tag="775"><subfield code="t">Helena daily herald</subfield><subfield code="w">(DLC)sn 84036145</subfield><subfield code="w">(OCoLC)11057786</subfield></datafield><datafield ind1="0" ind2=" " tag="775"><subfield code="t">Helena herald (Helena, Mont. : 1890)</subfield><subfield code="w">(DLC)sn 84036146</subfield><subfield code="w">(OCoLC)11057814</subfield></datafield><datafield ind1="0" ind2=" " tag="775"><subfield code="t">Helena evening herald</subfield><subfield code="w">(DLC)sn 84036147</subfield><subfield code="w">(OCoLC)2337976</subfield></datafield><datafield ind1="0" ind2="8" tag="776"><subfield code="i">Online version:</subfield><subfield code="t">Helena weekly herald</subfield><subfield code="x">2470-3559</subfield><subfield code="w">(DLC)  2015270778</subfield><subfield code="w">(OCoLC)934652525</subfield></datafield><datafield ind1="0" ind2="0" tag="780"><subfield code="t">Helena herald (Helena, Mont. : 1866)</subfield><subfield code="w">(DLC)sn 83025299</subfield><subfield code="w">(OCoLC)9373405</subfield></datafield><datafield ind1="0" ind2="0" tag="785"><subfield code="t">Helena semi-weekly herald</subfield><subfield code="w">(DLC)sn 84036144</subfield><subfield code="w">(OCoLC)11057759</subfield></datafield><datafield ind1="4" ind2="1" tag="856"><subfield code="u">http://www.loc.gov/chroniclingamerica/lccn/sn84036143/issues</subfield></datafield><datafield ind1="1" ind2=" " tag="029"><subfield code="a">AU@</subfield><subfield code="b">000026223563</subfield></datafield></record>